% Bibliography file for Hamida's Internship Report
% References and citations

@online{chinacable_site,
  title        = {China Cable Engineering Co., Ltd. — Official Website},
  organization = {China Cable Engineering Co., Ltd.},
  year         = {2025},
  url          = {http://www.chinacables.com/},
  urldate      = {2025-09-11}
}

@online{sinomach_site,
  title        = {China National Machinery Industry Corporation (SINOMACH) — Group Overview},
  organization = {SINOMACH},
  year         = {2025},
  url          = {https://www.sinomach.com.cn/en/},
  urldate      = {2025-09-11}
}

@standard{iso9001,
  title        = {ISO 9001:2015 — Quality Management Systems — Requirements},
  organization = {International Organization for Standardization},
  number       = {ISO 9001:2015},
  year         = {2015},
  url          = {https://www.iso.org/standard/62085.html},
  urldate      = {2025-09-11}
}

@online{pmbok7,
  title        = {PMBOK{\textregistered} Guide — Seventh Edition (Overview)},
  organization = {Project Management Institute},
  year         = {2021},
  url          = {https://www.pmi.org/pmbok-guide-standards/},
  urldate      = {2025-09-11}
}

@online{ifrs_framework,
  title        = {Conceptual Framework for Financial Reporting},
  organization = {IFRS Foundation},
  year         = {2018},
  url          = {https://www.ifrs.org/issued-standards/list-of-standards/conceptual-framework/},
  urldate      = {2025-09-11}
}

@online{ms_excel,
  title        = {Microsoft Excel},
  organization = {Microsoft},
  year         = {2025},
  url          = {https://www.microsoft.com/microsoft-365/excel},
  urldate      = {2025-09-11}
}

@manual{pgf_tikz,
  title        = {The {PGF}/{TikZ} Package: Manual},
  organization = {CTAN},
  year         = {2025},
  url          = {https://ctan.org/pkg/pgf},
  urldate      = {2025-09-11}
}

@online{enr_toplists,
  title        = {ENR Top International and Global Contractors},
  organization = {Engineering News-Record},
  year         = {2025},
  url          = {https://www.enr.com/toplists},
  urldate      = {2025-09-11}
}

@article{china_cable_2024,
  title={China Cable Engineering Co., Ltd.: A Leader in International Power Infrastructure},
  author={{China Cable Engineering Co., Ltd.}},
  journal={International Engineering Review},
  year={2024},
  volume={15},
  number={3},
  pages={45--52}
}

@book{infrastructure_development_2023,
  title={Infrastructure Development in Bangladesh: Challenges and Opportunities},
  author={Rahman, M. and Ahmed, S.},
  publisher={Bangladesh Development Institute},
  year={2023},
  address={Dhaka, Bangladesh}
}

@article{belt_road_initiative_2024,
  title={Belt and Road Initiative: Impact on South Asian Infrastructure Development},
  author={Zhang, L. and Khan, A.},
  journal={Asian Development Review},
  year={2024},
  volume={12},
  number={2},
  pages={78--95}
}

@report{financial_management_2023,
  title={Best Practices in International Project Financial Management},
  author={{International Finance Corporation}},
  institution={World Bank Group},
  year={2023},
  type={Technical Report}
}

@article{accounting_standards_2024,
  title={International Accounting Standards for Infrastructure Projects},
  author={Thompson, R. and Lee, J.},
  journal={Global Accounting Review},
  year={2024},
  volume={8},
  number={1},
  pages={23--40}
}

@book{project_management_2023,
  title={Project Management in International Engineering: A Comprehensive Guide},
  author={Miller, P. and Chen, W.},
  publisher={Engineering Press},
  year={2023},
  address={New York, USA}
}

@article{quality_control_2024,
  title={Quality Control Systems in International Engineering Projects},
  author={Patel, S. and Kim, Y.},
  journal={Quality Management Journal},
  year={2024},
  volume={11},
  number={4},
  pages={67--82}
}

@report{bangladesh_power_sector_2023,
  title={Bangladesh Power Sector Development: Current Status and Future Prospects},
  author={{Bangladesh Power Development Board}},
  institution={Government of Bangladesh},
  year={2023},
  type={Annual Report}
}

@article{cross_cultural_business_2024,
  title={Cross-Cultural Business Operations: Challenges and Solutions},
  author={Anderson, M. and Singh, R.},
  journal={International Business Review},
  year={2024},
  volume={9},
  number={2},
  pages={34--51}
}

@book{internship_learning_2023,
  title={Learning Through Internships: A Guide for Business Students},
  author={Wilson, E. and Brown, K.},
  publisher={Academic Press},
  year={2023},
  address={London, UK}
}
